@ARTICLE{Safeea2019,  
  Author={M. {Safeea} and P. {Neto}},  
  Journal={IEEE Robotics Automation Magazine},  
  Title={KUKA Sunrise Toolbox: Interfacing Collaborative Robots With MATLAB},  
  Year={2019},  
  Volume={26},  
  Number={1},  
  Pages={91-96},  
  doi={10.1109/MRA.2018.2877776},  
  ISSN={1070-9932},  
  Month={March},  
}

@BOOK{KukaManual,
  TITLE = {KUKA Sunrise.OS 1.11, KUKA Sunrise.Workbench 1.11},
  SUBTITLE = {Operating and Programming Instructions for System Integrators},
  AUTHOR = {KUKA Roboter GmbH},
  YEAR = {2016},
}

@BOOK{KukaManualFlange,
  TITLE = {Media Flange},
  SUBTITLE = {For Product Family LBR iiwa, Assembly and Operating Instructions},
  AUTHOR = {KUKA Roboter GmbH},
  YEAR = {2016},
}

@online{LeapImages,
  author = {Leap Motion},
  title = {API Overview},
  url = {https://developer-archive.leapmotion.com/documentation/csharp/devguide/Leap_Overview.html},
  urldate = {2019-09-09}
}

@online{LeapHand,
  author = {Leap Motion},
  title = {Hands},
  url = {https://developer-archive.leapmotion.com/documentation/csharp/devguide/Leap_Hand.html},
  urldate = {2019-09-19}
}


@online{AprilTag,
  author = {APRIL Robotics Laboratory at the University of Michigan},
  title = {AprilTags Visual Fiducial System},
  url = {https://april.eecs.umich.edu/software/apriltag},
  urldate = {2019-09-09}
}

@article{Grasping,
  author    = {Douglas Morrison and
               Peter Corke and
               J{\"{u}}rgen Leitner},
  title     = {Closing the Loop for Robotic Grasping: {A} Real-time, Generative Grasp
               Synthesis Approach},
  journal   = {CoRR},
  volume    = {abs/1804.05172},
  year      = {2018},
  url       = {http://arxiv.org/abs/1804.05172},
  archivePrefix = {arXiv},
  eprint    = {1804.05172},
  timestamp = {Mon, 13 Aug 2018 16:48:09 +0200},
  biburl    = {https://dblp.org/rec/bib/journals/corr/abs-1804-05172},
  bibsource = {dblp computer science bibliography, https://dblp.org}
}

@inproceedings{Wozniak,
author = {Peter Wozniak and Oliver Vauderwange and Avikarsha Mandal and Nicolas Javahiraly and Dan Curticapean},
title = {{Possible applications of the LEAP motion controller for more interactive simulated experiments in augmented or virtual reality}},
volume = {9946},
booktitle = {Optics Education and Outreach IV},
editor = {G. Groot Gregory},
organization = {International Society for Optics and Photonics},
publisher = {SPIE},
pages = {234 -- 245},
keywords = {education, augmented reality, virtual reality, human-computer interaction, LEAP motion, blended learning, Practical Lectures},
year = {2016},
doi = {10.1117/12.2237673},
URL = {https://doi.org/10.1117/12.2237673}
}
